% This file was created with JabRef 2.10b2.
% Encoding: Cp1251


@Book{Danilin2011,
  Title                    = {Основы теории оптимизации (постановки задач) [Электронный ресурс] : электрон. учеб. пособие},
  Author                   = {А. И. Данилин},
  Publisher                = {Минобрнауки России, Самар. гос. аэрокосм. ун-т им. С.П. Королева (нац. исслед. ун-т). -- Электрон. текстовые и граф. дан. (1,2 МБайт). -- Самара},
  Year                     = {2011},
  Note                     = {1 эл. опт. диск (CD-ROM)},

  Owner                    = {Vjacheslav Bezborodov},
  Timestamp                = {2015.03.15}
}

@Book{Stecuk2014,
  Title                    = {Методы эллипсоидов и r-алгоритмы},
  Author                   = {П. И. Стецюк},
  Publisher                = {Нац. акад. наук Украины, Ин-т кибернетики им. В. М. Глушкова, Акад. транспорта, информатики и коммуникаций. -- Кишинэу: Эврика},
  Year                     = {2014},
  Note                     = {488 c.},

  Owner                    = {Vjacheslav Bezborodov},
  Timestamp                = {2015.03.15}
}

