@book{Danilin2011,
author = {Данилин~А.И.},
title = {Основы теории оптимизации (постановки задач) [Электронный ресурс]},
publisher = {Минобрнауки России, Самар. гос. аэрокосм. ун-т им. С.П. Королева (нац. исслед. ун-т).},
year = {2011}
}