% This file was created with JabRef 2.9.2.
% Encoding: cp1251

@ARTICLE{AltCO.2011,
  author = {R. Alt and J.-L. Lamotte and S. Markov},
  title = {On the Accuracy of the Solution of Linear Problems on the {CELL}
	Processor},
  journal = {Reliable Computing},
  year = {2011},
  pages = {1--12},
  language = {english},
  owner = {Анатолий},
  quality = {1},
  timestamp = {2013.01.23}
}

@ARTICLE{ArmengolCO.2001,
  author = {J. Armengol and J. Vehi and L. Trave-Massuyes and M. A. Sainz},
  title = {Application of Modal Intervals to the Generation of Error-Bounded
	Envelopes},
  journal = {Reliable Computing},
  year = {2001},
  volume = {7},
  pages = {171-185},
  number = {2},
  language = {english},
  owner = {Анатолий},
  quality = {1},
  timestamp = {2013.01.23}
}

@ARTICLE{Babichev.1993,
  author = {A. B. Babichev and O. B. Kadyrova and T. P. Kashevarova and A. S.Leshchenko
	and A. L. Semenov},
  title = {{UniCalc}, a Novel Approach to Solving Systems of Algebraic Equations},
  journal = {Interval Computations},
  year = {1993},
  volume = {11},
  pages = {313-319},
  number = {4},
  language = {english},
  owner = {Анатолий},
  quality = {1},
  timestamp = {2013.01.23}
}

@ARTICLE{BeaumontPhi.2001,
  author = {O. Beaumont and B. Philippe},
  title = {Linear Interval Tolerance Problem and Linear Programming Techniques},
  journal = {Reliable Computing},
  year = {2001},
  volume = {6},
  pages = {365-390},
  number = {4},
  language = {english},
  owner = {Анатолий},
  quality = {1},
  timestamp = {2013.01.23}
}

@ARTICLE{BeaumontPhil.2001,
  author = {O. Beaumont and B. Philippe},
  title = {Linear interval tolerance problem and linear programming techniques},
  journal = {Reliable Computing},
  year = {2001},
  volume = {7},
  pages = {433--447},
  number = {6},
  language = {english},
  owner = {Valentine},
  timestamp = {2012.12.05}
}

@ARTICLE{Coxson.1999,
  author = {G. E. Coxson},
  title = {Computing Exact Bounds on Elements of an Inverse Interval Matrix
	is {NP}-Hard},
  journal = {Reliable Computing},
  year = {1999},
  volume = {5},
  pages = {137-142},
  number = {2},
  language = {english},
  owner = {Анатолий},
  quality = {1},
  timestamp = {2013.01.23}
}

@CONFERENCE{Golodov.2012,
  author = {V. A. Golodov},
  title = {Distributed symbolic rational-fractional calculations on the processors
	of series of x86 and x64},
  booktitle = {Proceeding of international conference "Parallel computational technologies"
	(Novosibirsk, 2012, on March 26 to 30)},
  year = {2012},
  pages = {774},
  publisher = {Chelyabinsk: Publishing center of SUSU},
  language = {english},
  owner = {Анатолий},
  quality = {1},
  timestamp = {2013.01.23}
}

@ARTICLE{Gudenberg.1995,
  author = {J. Wolff von Gudenberg},
  title = {Design of a parallel linear algebra library for verified computation},
  journal = {Reliable Computing},
  year = {1995},
  volume = {1},
  pages = {411-420},
  number = {4},
  language = {english},
  owner = {Анатолий},
  quality = {1},
  timestamp = {2013.01.23}
}

@ARTICLE{Hall.PracPar.2010,
  author = {Ju. Hall},
  title = {Towards a practical parallelization of the simplex method},
  journal = {Journal Computational Management Science},
  year = {2010},
  volume = {7},
  pages = {139-170},
  number = {2},
  language = {english},
  owner = {Valentine},
  timestamp = {2013.08.05}
}

@ARTICLE{Jansson.1998,
  author = {C. Jansson},
  title = {An NP-hardness result for nonlinear systems},
  journal = {Reliable Computing},
  year = {1998},
  volume = {4},
  pages = {345-350},
  language = {english},
  owner = {Valentine},
  timestamp = {2013.08.24}
}

@ARTICLE{KearfottCO.2005,
  author = {R. B. Kearfott and M. T. Nakao and A. Neumaier and S. M. Rump and
	S. P. Shary and Pascal van Hentenryck},
  title = {Standardized notation in interval analysis},
  journal = {Computational Technologies},
  year = {2010},
  volume = {15},
  pages = {7--13},
  number = {1},
  language = {english},
  owner = {Valentine},
  timestamp = {2013.02.16}
}

@ARTICLE{KeilJan.2006,
  author = {C. Keil and C. Jansson},
  title = {Computational Experience with Rigorous Error Bounds for the Netlib
	Linear Programming Library},
  journal = {Reliable Computing},
  year = {2006},
  volume = {12},
  pages = {303-321},
  number = {4},
  language = {english},
  owner = {Анатолий},
  quality = {1},
  timestamp = {2013.01.23}
}

@BOOK{Knuth.1981,
  title = {The Art of Computer Programming},
  publisher = {Addison-Wesley Longman},
  year = {1981},
  author = {D. E. Knuth},
  volume = {2},
  pages = {688},
  edition = {2},
  language = {english},
  owner = {Анатолий},
  quality = {1},
  timestamp = {2013.01.23}
}

@BOOK{KreinovichCO.1997,
  title = {Computational Complexity and Feasibility of Data Processing and Interval
	Computations},
  publisher = {Dordrecht: Kluwer Academic Publishers},
  year = {1997},
  author = {V. Kreinovich and A.V. Lakeyev and J. Rohn and P. Kahl},
  language = {english},
  owner = {Valentine},
  timestamp = {2013.08.23}
}

@ARTICLE{KreinovichLakNos.1996,
  author = {V. Kreinovich and A. V. Lakeyev and S.I. Noskov},
  title = {Approximate linear algebra is intractable},
  journal = {Linear Algebra and its Applications},
  year = {1996},
  volume = {232},
  pages = {45--54},
  language = {english},
  owner = {Valentine},
  timestamp = {2013.08.23}
}

@ARTICLE{KreinovichLakNos.1993,
  author = {V. Kreinovich and A. V. Lakeyev and S.I. Noskov},
  title = {Optimal solution of interval linear systems is intractable (NP-hard)},
  journal = {Interval Computations},
  year = {1993},
  pages = {6--14},
  number = {1},
  language = {english},
  owner = {Valentine},
  timestamp = {2013.08.23}
}

@ARTICLE{KuzyurinFru.1992,
  author = {N. N. Kuzyurin and M. A. Frumkin},
  title = {Parallel computation. theory and algorithms (review)},
  journal = {Programming and computer software},
  year = {1992},
  volume = {17},
  pages = {61-72},
  number = {2},
  language = {english},
  owner = {Анатолий},
  quality = {1},
  timestamp = {2013.02.03}
}

@ARTICLE{Lakeev.2003,
  author = {A.V. Lakeyev},
  title = {Computational complexity of estimation of generalized solution sets
	for interval linear systems},
  journal = {Вычислительные Технологии},
  year = {2003},
  volume = {8},
  pages = {12--23},
  number = {1},
  language = {english},
  owner = {Valentine},
  timestamp = {2013.08.24}
}

@ARTICLE{Lakeyev.1996,
  author = {A. V. Lakeyev},
  title = {On the computational complexity of the solution of linear systems
	with moduli},
  journal = {Reliable Computing},
  year = {1996},
  volume = {2},
  pages = {125--131},
  number = {3},
  language = {english},
  owner = {Valentine},
  timestamp = {2013.08.24}
}

@INPROCEEDINGS{Lakeev.1995,
  author = {A. V. Lakeyev},
  title = {Linear algebraic equations in Kaucher arithmetic},
  booktitle = {Reliable Computing, 1995, Supplement (Extended Abstracts of APIC’95:
	InternationalWorkshop on Applications of Interval Computations, El
	Paso, TX, Febr. 23–25},
  year = {1995},
  pages = {130--133},
  language = {english},
  owner = {Valentine},
  timestamp = {2013.08.24}
}

@ARTICLE{LakeyevKre.1997,
  author = {A. V. Lakeyev and V. Kreinovich},
  title = {NP-Hard Classes of Linear Algebraic Systems with Uncertainties},
  journal = {Reliable Computing},
  year = {1997},
  pages = {51-81},
  number = {3},
  language = {english},
  owner = {Valentine},
  timestamp = {2012.12.05}
}

@ARTICLE{LakeyevKre.1993,
  author = {A. V. Lakeyev and V. Kreinovich},
  title = {Optimal Solution of Interval Linear Systems is Intractable(NP-Hard)},
  journal = {Interval Computations},
  year = {1993},
  pages = {6-14},
  number = {1},
  language = {english},
  owner = {Valentine},
  timestamp = {2012.12.05}
}

@BOOK{Neumaier.1990,
  title = {Interval Methods for Systems of Equations},
  publisher = {Cambridge University Press},
  year = {1990},
  author = {A. Neumaier},
  language = {english},
  owner = {Valentine},
  timestamp = {2012.12.05}
}

@ARTICLE{Neumaier.1986,
  author = {A. Neumaier},
  title = {Tolerance analysis with interval arithmetic},
  journal = {Freiburger Intervall-Berichte},
  year = {1985},
  pages = {5--19},
  number = {9},
  language = {english},
  owner = {Valentine},
  timestamp = {2013.08.21}
}

@ARTICLE{PanReif.1986,
  author = {V.Y. Pan and J.H. Reif},
  title = {Fast and Efficient Parallel Linear Programming and Linear Least Squares
	Computations},
  journal = {Proceedings of the VLSI Algorithms and Architectures, Aegean Workshop
	on Computing},
  year = {1986},
  pages = {283--295},
  language = {english},
  owner = {Valentine},
  timestamp = {2013.08.05}
}

@CONFERENCE{Panyukov.2012,
  author = {A. V. Panyukov},
  title = {Application of redundant positional notations for increasing of arithmetic
	algorithms scalability},
  booktitle = {15th GAMM-IMACS International Symposium on Scientific Computing,
	Computer Arithmetic and Verified Numeric (SCAN'2012, Novosibirsk,
	Russia, September 23-29, 2012): Book of abstracts},
  year = {2012},
  publisher = {Institute of Computational Technologies Publisher},
  language = {english},
  owner = {Анатолий},
  quality = {1},
  timestamp = {2013.01.23}
}

@INCOLLECTION{PanyukovCO.2009,
  author = {A. V. Panyukov and M. I. Germanenko and V. A. Gorbik},
  title = {Library of classes {''Exact Computation''} State. reg. 2009612777
	dated May 29, 2009.},
  booktitle = {Programs for computers, data bases, topology of VLSI. Official bulletin
	of Russian Agency for patents and trademarks},
  publisher = {Federal Service for Intellectual Property},
  year = {2009},
  number = {3},
  pages = {251},
  language = {english},
  owner = {Анатолий},
  quality = {1},
  timestamp = {2013.01.23}
}

@ARTICLE{PanuykovGol.2013.Reliable,
  author = {A. V. Panyukov and V. A. Golodov},
  title = {Computing Best Possible Pseudo-Solutions to Interval Linear Systems
	of Equations},
  journal = {Reliable Computing},
  year = {2013},
  volume = {19},
  pages = {215--228},
  file = {PanuykovGol.2013.Reliable:C\:\\Users\\Valentine\\Desktop\\reliable-computing-19-pp-215-228.pdf:PDF},
  language = {english},
  owner = {Valentine},
  timestamp = {2014.01.29}
}

@INPROCEEDINGS{PanyukovGol.2013GPUConf1,
  author = {A. V. Panyukov and V. A. Golodov},
  title = {Solving interval linear system of equations using gpu computing.},
  booktitle = {GPU Technology Conference 2013 (San Jose, California, March 18--21,
	2013). http://www.gputechconf.com/posters},
  year = {2013},
  publisher = {Nvidia Corporation},
  language = {english},
  owner = {Valentine},
  timestamp = {2012.12.06},
  url = {Available at: http://on-demand.gputechconf.com/gtc/2013/poster/pdf/P0128$\_$Golodov.pdf}
}

@INPROCEEDINGS{PanyukovGol.2013GPUConf2,
  author = {A. V. Panyukov and V. A. Golodov},
  title = {Scalability of algorithms for arithmetic’s operations in radix notation},
  booktitle = {GPU Technology Conference 2013 (San Jose, California, March 18--21,
	2013). http://www.gputechconf.com/posters},
  year = {2013},
  publisher = {Nvidia Corporation},
  language = {english},
  owner = {Valentine},
  timestamp = {2012.12.06},
  url = {Available at: http://on-demand.gputechconf.com/gtc/2013/poster/pdf/P0128$\_$Golodov.pdf}
}

@CONFERENCE{PanyukovGol.2012,
  author = {A. V. Panyukov and V. A. Golodov},
  title = {Computing the best possible pseudo-solutions to interval linear systems
	of equations},
  booktitle = {15th GAMM-IMACS International Symposium on Scientific Computing,
	Computer Arithmetic and Verified Numeric (SCAN'2012, Novosibirsk,
	Russia, September 23-29, 2012): Book of abstracts},
  year = {2012},
  pages = {134--135},
  publisher = {Institute of Computational Technologies Publisher},
  language = {english},
  owner = {Анатолий},
  quality = {1},
  timestamp = {2013.01.23}
}

@ARTICLE{PanyukovGor.2012,
  author = {A. V. Panyukov and V. V. Gorbik},
  title = {Using massively parallel computations for absolutely precise solution
	of the linear programming problems},
  journal = {Automation and Remote Control},
  year = {2012},
  volume = {73},
  pages = {276--290},
  number = {2},
  language = {english},
  owner = {Анатолий},
  quality = {1},
  timestamp = {2013.01.23}
}

@ARTICLE{PanyukovGor.2010,
  author = {A. V. Panyukov and V. V. Gorbik},
  title = {Exact and Guaranteed Accuracy Solutions of Linear Programming Problems
	by Distributed Computer Systems with MPI},
  journal = {Tambov University Reports. Series: Natural and Technical Sciences},
  year = {2010},
  volume = {15},
  pages = {1392-1404},
  number = {4},
  language = {english},
  owner = {Анатолий},
  quality = {1},
  timestamp = {2013.01.23}
}

@ARTICLE{Rohn.1985,
  author = {J. Rohn},
  title = {Inner solutions of linear interval systems},
  journal = {Interval Mathematics and Springer Verlag},
  year = {1985 and 1986},
  pages = {157-158},
  language = {english},
  owner = {Valentine},
  timestamp = {2012.12.05}
}

@ARTICLE{Rohn.1989,
  author = {J. Rohn},
  title = {Systems of linear interval equations},
  journal = {Linear Algebra and its Applications},
  year = {1989},
  volume = {126},
  pages = {39--78},
  language = {english},
  owner = {Valentine},
  timestamp = {2012.12.05}
}

@ARTICLE{Rohn.1978,
  author = {J. Rohn},
  title = {Input-output planning with inexact data},
  journal = {Freiburger Intervall-Berichte},
  year = {1978},
  pages = {1--16},
  number = {7},
  language = {english},
  owner = {Valentine},
  timestamp = {2013.08.24}
}

@ARTICLE{Shary.2002,
  author = {S. P. Shary},
  title = {A new technique in systems analysis under interval uncertainty and
	ambiguity},
  journal = {Reliable Computing},
  year = {2002},
  volume = {8},
  pages = {321-418},
  number = {5},
  language = {english},
  owner = {Valentine},
  timestamp = {2012.12.05}
}

@ARTICLE{Shary.1996,
  author = {S. P. Shary},
  title = {Solving the linear interval tolerance problem},
  journal = {Mathematics and Computers in Simulation},
  year = {1996},
  volume = {39},
  pages = {53-85},
  language = {english},
  owner = {Valentine},
  timestamp = {2012.12.05}
}

@INPROCEEDINGS{Shary.1995,
  author = {S. P. Shary},
  title = {Linear static systems under interval uncertainty: Algorithms to solve
	control and stabilization problems},
  booktitle = {International Journal of Reliable Computing. Supplement. Extended
	Abstracts of APIC’95, International Workshop on Applications of Interval
	Computations, El Paso, TX},
  year = {1995},
  pages = {181--184},
  journal = {International Journal of Reliable Computing. Supplement. 
	
	Extended Abstracts of APIC’95, International Workshop on Applications
	of Interval
	
	Computations, El Paso, TX},
  language = {english},
  owner = {Valentine},
  timestamp = {2013.08.23}
}

@BOOK{OpenCLProgBook.2010,
  title = {The OpenCL Programming Book},
  publisher = {Fixstars Corporation and Impress Japan Corporation},
  year = {2010},
  author = {Ryoji Tsuchiyama and Takashi Nakamura and Takiro Lizuka and Akihiro
	Asahara and Satoshi Miki},
  file = {:N\:\\avaksa\\Postgraduate\\Research\\Materials\\OpenCL\\Guides\\OpenCL_Programming book\\OpenCL_Programming book.pdf:PDF},
  language = {english},
  owner = {Valentine},
  timestamp = {2013.09.16}
}

@ARTICLE{WeiserCop.2011,
  author = {M. E. Weiser and T. B. Coplen},
  title = {Atomic weights of the elements 2009 (IUPAC Technical Report)},
  journal = {Pure and Applied Chemistry},
  year = {2011},
  volume = {83},
  pages = {359--396},
  number = {2},
  language = {english},
  owner = {Valentine},
  timestamp = {2013.08.21}
}

@ARTICLE{Yarmish.DistSimplex.2001,
  author = {G.G. Yarmish},
  title = {A Distributed Implementation of the Simplex Method},
  journal = {UMI Dissertations Publishing},
  year = {2001},
  language = {english},
  owner = {Valentine},
  timestamp = {2013.08.05}
}

@BOOK{AshhepkovDav.2006,
  title = {Универсальные решения интервальных задач оптимизации и управления},
  publisher = {Moscow, Наука},
  year = {2006},
  author = {Л. Т. Ащепков and Д. В. Давыдов},
  language = {russian},
  owner = {Valentine},
  timestamp = {2013.06.11}
}

@BOOK{Babenko.1986,
  title = {Основы численного анализа},
  publisher = {Москва: Наука},
  year = {1986},
  author = {К.И. Бабенко},
  language = {russian},
  owner = {Valentine},
  timestamp = {2014.01.27}
}

@ARTICLE{Babenko.1985,
  author = {К.И. Бабенко},
  title = {О доказательных вычислениях и математическом эксперименте на ЭВМ},
  journal = {Успехи математических наук},
  year = {1985},
  volume = {49},
  pages = {137--138},
  number = {4},
  language = {russian},
  owner = {Valentine},
  timestamp = {2014.01.27}
}

@BOOK{BabenkoVas.1983,
  title = {О доказательных вычислениях в задаче об устойчивости течения Пуазейля},
  publisher = {ДАН СССР},
  year = {1983},
  author = {К. И. Бабенко and М. М. Васильев},
  volume = {273},
  number = {6},
  pages = {1289--1294},
  language = {russian},
  owner = {Valentine},
  timestamp = {2014.01.14}
}

@BOOK{Biberdorf.2008,
  title = {Гарантированная точность в прикладных задачах линейной алгебры. Учебное
	пособие.},
  publisher = {Новосибирск: Издательство НГУ},
  year = {2008},
  author = {Э.А. Бибердорф},
  language = {russian},
  owner = {Valentine},
  timestamp = {2014.01.27}
}

@BOOK{BiberdorfPop.2006,
  title = {Гарантированная точность современных алгоритмов линейной алгебры},
  publisher = {Новосибирск: Изд-во СО РАН},
  year = {2006},
  author = {Э.А. Бибердорф and Н.И. Попова},
  language = {russian},
  owner = {Valentine},
  timestamp = {2014.01.27}
}

@ELECTRONIC{BiberdorfPop.2010,
  author = {Э. А. Бибердорф and Н.И. Попова},
  year = {2010},
  title = {Программа \elki{GALA 2.0} Регистрационный номер в ФАП: PR10019},
  language = {russian},
  url = {http://fap.sbras.ru/node/571},
  booktitle = {Фонд алгоритмом и программ},
  number = {3},
  owner = {Анатолий},
  pages = {251},
  publisher = {Новосибирск: Институт вычислительной математики и математической
	геофизики СО РАН},
  quality = {1},
  timestamp = {2013.01.23}
}

@OTHER{BiryukovGri.2012,
  abstract = {Статья посвящена вопросам анализа погрешностей округления решений
	задач вычислительной математики (ВМ) на ЭВМ в арифметике с плавающей
	занятой и переменной длиной мантиссы машинного числа (МЧ). Получены
	оценки погрешностей решения задач ВМ в зависимости от длины мантиссы
	МЧ и оценки длины мантиссы, гарантирующей достижение требуемой точности
	решения.},
  author = {А. Г. Бирюков and А. И. Гриневич},
  journal = {ТРУДЫ МФТИ},
  keywords = {погрешность округления и точность решения задач вычислительной математики,
	машинное число с переменной длиной мантиссы, алгоритм типа Маркова
	вычисления значения функции, гарантированная точность решений задач
	ВМ},
  language = {russian},
  number = {3},
  owner = {Анатолий},
  pages = {171-180},
  quality = {1},
  timestamp = {2013.02.03},
  title = {О гарантированной точности решений задач вычислительной математики
	в арифметике с плавающей запятой и переменной длиной мантиссы},
  volume = {4},
  year = {2012}
}

@BOOK{BoreskovCUDABook.2012,
  title = {Параллельные вычисления на GPU. Архитектура и программная модель
	CUDA},
  publisher = {Москва, Издательство московского университета},
  year = {2012},
  author = {А. В. Боресков and А. А. Харламов and Н. Д. Марковский and Д. Н.
	Микушин and Е. В. Мортиков and А. А. Мыльцев and Н.А. Сахарных and
	В.А. Фролов},
  pages = {285},
  language = {russian},
  owner = {Valentine},
  timestamp = {2012.12.06}
}

@ARTICLE{VlasovaVer.2009,
  author = {И.В. Власова and В.И. Вершинин},
  title = {Возможность определения компонентов бинарных смесей методом фирордта
	с погрешностями, не превышающими заданный предел},
  journal = {Журнал аналитической химии},
  year = {2009},
  volume = {64},
  pages = {571--576},
  number = {6},
  language = {russian},
  owner = {Valentine},
  timestamp = {2014.02.06}
}

@BOOK{Voevodin.2010,
  title = {Вычислительная математика и структура алгоритмов.},
  publisher = {Изательство московского университета},
  year = {2010},
  author = {В. В. Воеводин},
  language = {russian},
  owner = {Valentine},
  timestamp = {2013.09.15}
}

@ARTICLE{Garanga.2009,
  author = {В.А. Гаранжа and А.И. Голиков and Ю.Г. Евтушенко and M. Х. Нгуен},
  title = {Параллельная реализация метода Ньютона для решения больших задач
	линейного программирования},
  journal = {Журнал вычислительной математики и математической физики},
  year = {2009},
  volume = {49},
  pages = {1369--1384},
  number = {8},
  language = {russian},
  owner = {Valentine},
  timestamp = {2013.08.05}
}

@BOOK{Gergel.2012,
  title = {Современные языки и технологии параллельного программирования},
  publisher = {Издательство Московского унивеситета},
  year = {2012},
  author = {В. П. Гергель},
  pages = {408},
  language = {russian},
  owner = {Valentine},
  timestamp = {2013.12.04}
}

@BOOK{Gergel.2010,
  title = {Высокопроизводительные вычисления для многоядерных процессорных систем},
  publisher = {Издательство Московского унивеситета},
  year = {2010},
  author = {В. П. Гергель},
  language = {russian},
  owner = {Valentine},
  timestamp = {2013.09.18}
}

@BOOK{Godunov.2002,
  title = {Современные аспекты линейной алгебры},
  publisher = {Новосибирск: Научная книга},
  year = {2002},
  author = {С.К. Годунов},
  language = {russian},
  owner = {Valentine},
  timestamp = {2014.01.27}
}

@BOOK{GodunovCO.1988,
  title = {Гарантированная точность решения систем линейных уравнений в евклидовых
	пространствах},
  publisher = {Новосибирск: Наука},
  year = {1988},
  author = {С.К. Годунов and Г.А. Антонов and О.П. Кирилюк and В.И. Костин},
  language = {russian},
  owner = {Valentine},
  timestamp = {2014.01.28}
}

@ARTICLE{Godunov.2004,
  author = {С. К. Годунов},
  title = {О гарантированной точности в спектральных задачах},
  journal = {Заседания Санкт-Петербургского математического общества},
  year = {2004},
  language = {russian},
  owner = {Valentine},
  timestamp = {2014.01.28}
}

@INCOLLECTION{GolodovPan.ExactISLAY1.0.2014,
  author = {В.А. Голодов and А. В. Панюков},
  title = {Программа \elki{ExactISLAYSolutor 1.0} Свидетельство о государственной
	регистрации программы для {ЭВМ \No} 2014610333 от 09 января},
  booktitle = {Программы для ЭВМ, базы данных, топологии интегральных микросхем.
	Официальный бюллетень Российского агентства по патентам и товарным
	знакам},
  publisher = {М.: ФИПС},
  year = {2014},
  number = {2},
  language = {russian},
  owner = {Анатолий},
  quality = {1},
  timestamp = {2013.01.23}
}

@INCOLLECTION{GolodovPan.ExactLinP1.0.2014,
  author = {В.А. Голодов and А. В. Панюков},
  title = {Программа \elki{ExactLinPSolutor 1.0} Свидетельство о государственной
	регистрации программы для {ЭВМ \No} 2014610445 от 09 января},
  booktitle = {Программы для ЭВМ, базы данных, топологии интегральных микросхем.
	Официальный бюллетень Российского агентства по патентам и товарным
	знакам},
  publisher = {М.: ФИПС},
  year = {2014},
  number = {2},
  language = {russian},
  owner = {Анатолий},
  quality = {1},
  timestamp = {2013.01.23}
}

@INCOLLECTION{GolodovPan.Exact2.0.2013,
  author = {В.А. Голодов and А. В. Панюков},
  title = {Библиотека классов \elki{Exact Computation 2.0} Свидетельство о государственной
	регистрации программы для {ЭВМ \No 2013612818} от 14 марта},
  booktitle = {Программы для ЭВМ, базы данных, топологии интегральных микросхем.
	Официальный бюллетень Российского агентства по патентам и товарным
	знакам},
  publisher = {М.: ФИПС},
  year = {2013},
  number = {3},
  pages = {251},
  language = {russian},
  owner = {Анатолий},
  quality = {1},
  timestamp = {2013.01.23}
}

@INPROCEEDINGS{Golodov.2012a,
  author = {В. А. Голодов},
  title = {Адаптация библиотеки \elki{Exact Computational} для гетерогенных
	вычислительных сред},
  booktitle = {Научный поиск [текст]: материалы четвертой научной конференции аспирантов
	и докторантов. Естественные науки},
  year = {2012},
  publisher = {Челябинск: Издательский центр ЮУрГУ},
  language = {russian},
  owner = {Valentine},
  timestamp = {2012.12.06}
}

@INPROCEEDINGS{Golodov.2012b,
  author = {В. А. Голодов},
  title = {Распределенные символьные дробно-рациональные вычисления на процессорах
	x86 и x64},
  booktitle = {Параллельные вычислительные технологии (ПаВТ'2012): труды международной
	научной конференции (Новосибирск, 26 - 30 марта)},
  year = {2012},
  pages = {719},
  publisher = {Челябинск: Издательский центр ЮУрГУ},
  language = {russian},
  owner = {Valentine},
  timestamp = {2012.12.06}
}

@INPROCEEDINGS{Golodov.2011,
  author = {В. А. Голодов},
  title = {Разработка программной реализации некоторых операций длинной арифметики
	для гетерогенных вычислительных систем},
  booktitle = {Научный поиск [текст]: материалы четвертой научной конференции аспирантов
	и докторантов. Естественные науки},
  year = {2011},
  pages = {16--20},
  publisher = {Челябинск: Издательский центр ЮУрГУ},
  language = {russian},
  owner = {Valentine},
  timestamp = {2012.12.06}
}

@ARTICLE{Gorelik.2001,
  author = {В. А. Горелик},
  title = {Матричная коррекция задачи линейного программирования с несовместной
	системой ограничений},
  journal = {Журнал вычислительной матетатики и математической физики},
  year = {2001},
  volume = {41},
  pages = {1697--1705},
  number = {11},
  language = {russian},
  owner = {Valentine},
  timestamp = {2014.06.17}
}

@ARTICLE{GorelikEr.2005,
  author = {В. А. Горелик and В. И. Ерохин and Р. В. Печенкин},
  title = {Оптимальная матричная коррекция несовместных систем линейных алгебраических
	уравнений уравнений с блочными матрицами},
  journal = {Дискретный анализ и исследование операций, серия 2.},
  year = {2005},
  volume = {12},
  pages = {3-23},
  number = {5},
  language = {russian},
  owner = {Valentine},
  timestamp = {2014.06.17}
}

@ARTICLE{GorelikZol.2007,
  author = {В. А. Горелик and И. А. Золтоева and Р. В. Печенкин},
  title = {Методы коррекции несовместных линейных систем с разреженными матрицами},
  journal = {Дискретный анализ и исследование операций, серия 2.},
  year = {2007},
  volume = {14},
  pages = {62-75},
  number = {2},
  language = {russian},
  owner = {Valentine},
  timestamp = {2014.06.17}
}

@ELECTRONIC{Inet.Intuit,
  author = {Ю. Губарь},
  year = {2013},
  title = {Математическое моделирование. Форма и принципы представления математических
	моделей},
  language = {russian},
  organization = {Интуит. Национальный открытый университет},
  url = {http://www.intuit.ru/studies/courses/2260/156/lecture/2281},
  owner = {Администратор},
  timestamp = {2013.12.08}
}

@ARTICLE{DzegelenyukOts.2010,
  author = {И. И. Дзегеленок and Ш. А. Оцопков},
  title = {Алгебраизация числовых представлений для обеспечения высокоточных
	суперкомпьютерных вычислений},
  journal = {Вестник Московского энергетического института},
  year = {2010},
  pages = {107-116},
  number = {3},
  abstract = {Работа посвящена решению актуальной проблемы достоверности вычислений
	при решении ряда задач численной обработки данных. Показано преимущество
	модулярной арифметики по сравнению с традиционной формой представления
	чисел. Приводится ряд новых результатов, определяющих возможность
	эффективной реализации многомодульных вычислений при создании параллельных
	суперкомпьютерных систем.},
  keywords = {модулярная арифметика, система остаточных классов, модулярная система
	счисления, смешенная система счисления, дробь фарея, modular arithmetic,
	residue number classes system, modular system, mixed number system,
	farea fraction},
  language = {russian},
  owner = {Анатолий},
  quality = {1},
  timestamp = {2013.02.03}
}

@ARTICLE{EvtGol.Altai.2010,
  author = {Ю.Г. Евтушенко and А.И. Голиков},
  title = {Параллельные алгоритмы решения задач линейного программирования},
  journal = {Российская конференция \elki{Дискретная оптимизация и исследование
	операций}: Материалы конференции (Алтай, 27~июня -- 3~июля 2010~г.)},
  year = {2010},
  pages = {25--29},
  language = {russian},
  owner = {Valentine},
  publisher = {Новосибирск: Изд-во Института математики},
  timestamp = {2013.08.05}
}

@ARTICLE{Zheltov.2012,
  author = {С. А. Желтов},
  title = {Реализация арифметических операций с \lapki{длинными} числами на
	устройствах GPGPU},
  journal = {Вопросы защиты информации},
  year = {2012},
  pages = {2-4},
  number = {3},
  abstract = {Для многих вычислительных задач информационной безопасности ключевым
	вопросом является организация вычислений с "длинными" числами, которые
	выходят за диапазон значений стандартных типов данных современных
	языков программирования. Рассмотрен один из вариантов представления
	"длинных" чисел, а также реализация операций сложения и умножения
	над ними на вычислительных устройствах гетерогенной архитектуры с
	вычислителями GPGPU CUDA, программные средства CUDA не имеют реализации
	библиотеки для работы с большими числами.},
  keywords = {параллельные вычисления, длинная арифметика, архитектура cuda, parallel
	computing, long arithmetic, CUDA architecture},
  language = {russian},
  owner = {Анатолий},
  quality = {1},
  timestamp = {2013.02.03}
}

@ARTICLE{ZolotovskiyiGil.2008,
  author = {В. Е. Золотовский and М. Ф. Гильванов},
  title = {Реализация \elki{длинных вычислений} на параллельных структурах},
  journal = {Известия высших учебных заведений. Северо-Кавказский регион. Серия:
	Технические науки},
  year = {2008},
  pages = {9-13},
  number = {4},
  abstract = {Предлагаются методы построения базовых параллельных вычислительных
	структур операций сложения, вычитания, умножение, ориентированных
	на представлении данных в коде c большой разрядностью (). Предложен
	метод представления чисел с большой разрядностью, основанный на разбиении
	на группы. Рассмотрены вычислительные структуры основных алгебраических
	операций и их схемотехнические решения. Показаны преимущества в быстродействии
	данного метода, по сравнению с существующими на сегодняшний день
	решениями.},
  keywords = {конвейеризация вычислений, код опережающий перенос, система на кристаллах,
	последовательный вычислитель, распараллеливание, группа разрядов,
	микрооперации, суммирование в коде опережающий перенос, умножение
	в коде опережающий перенос, операция над полями, поле бит},
  language = {russian},
  owner = {Анатолий},
  quality = {1},
  timestamp = {2013.02.03}
}

@INCOLLECTION{Ivanov.1962,
  author = {В. К. Иванов},
  title = {О линейных некорректных задачах},
  booktitle = {Доклады Академии наук СССР},
  year = {1962},
  volume = {145},
  number = {2},
  language = {russian},
  owner = {Valentine},
  timestamp = {2012.12.06}
}

@PHDTHESIS{Kakushkin.2013,
  author = {С.Н. Какушкин},
  title = {Развитие численных методов для математического моделирования нахождения
	значений собственных функций возмущенных самосопряженных операторов},
  school = {ФГБОУ ВПО \lapki {Магнитогорский государственный университет}},
  year = {2013},
  language = {russian},
  owner = {Администратор},
  timestamp = {2013.12.08},
  url = {http://www2.susu.ac.ru/file/abstract/kakushkin_sergey_nikolaevich.pdf}
}

@ARTICLE{Kantorovich.1962,
  author = {Л. В. Канторович},
  title = {О некоторых новых подходах к вычислительным методам и обработке наблюдений},
  journal = {Сибирский Математический Журнал},
  year = {1962},
  volume = {3},
  pages = {701--709.},
  number = {5},
  language = {russian},
  owner = {Valentine},
  timestamp = {2013.08.21}
}

@BOOK{KulicshCo.2005,
  title = {Достоверные вычисления. Базовые численные методы},
  publisher = {НИЦ \elki{Регулярная и хаотическая динамика}},
  year = {2005},
  author = {У. Кулиш and Д. Рац and Р. Хаммер and М. Хокс},
  language = {russian},
  owner = {Valentine},
  timestamp = {2014.01.14}
}

@BOOK{LineevCo.2010,
  title = {Технологии параллельного программирования для процесоров новых архитектур},
  publisher = {Изательство московского университета},
  year = {2010},
  author = {А. В. Линеев and Д. К. Боголепов and С. И. Бастраков},
  pages = {160},
  language = {russian},
  owner = {Valentine},
  timestamp = {2013.12.04}
}

@ARTICLE{Maksimov.1999,
  author = {В.П. Максимов},
  title = {Арифметика рациональных чисел и компьютерное исследование интегральных
	уравнений},
  journal = {Соросовский образовательный журнал},
  year = {1999},
  pages = {121--126},
  number = {3},
  file = {:C\:\\Users\\Valentine\\Desktop\\Максимов Арифметика рациональных чисел и компьютерное исследование интегральных уравнений.pdf:PDF},
  language = {russian},
  owner = {Valentine},
  timestamp = {2014.01.27}
}

@BOOK{Malishev.1991,
  title = {Введение в вычислительную линейную алгебру},
  publisher = {Новосибирск: Наука},
  year = {1991},
  author = {А.Н. Малышев},
  language = {russian},
  owner = {Valentine},
  timestamp = {2014.01.28}
}

@BOOK{Nikaido.1972,
  title = {Выпуклые структуры и математическая экономика},
  publisher = {Москва: Мир},
  year = {1972},
  author = {Х. Никайдо},
  language = {russian},
  owner = {Valentine},
  timestamp = {2013.08.24}
}

@ARTICLE{Orlov.2012,
  author = {Д. А. Орлов},
  title = {Реализация арифметики повышенной разрядности на графических процессорах},
  journal = {Программная инженерия},
  year = {2012},
  pages = {33-43},
  number = {4},
  abstract = {Показана возможность применения графических процессоров (GPU) для
	работы с числами большой разрядности. Предложены два варианта алгоритмов
	выполнения арифметических операций над числами повышенной разрядности
	на GPU. Указана область их возможного применения},
  keywords = {Графические Процессоры, Параллельные Вычисления, Машинная Арифметика,
	Числа Большой Разрядности, Gpu, Parallel Computation, Computer Arithmetic,
	Cuda, Gp Gpu, Numbers Of Extended Length},
  language = {russian},
  owner = {Анатолий},
  quality = {1},
  timestamp = {2013.02.03}
}

@BOOK{Pankov.1978,
  title = {Доказательные вычисления на электронных вычислительных машинах},
  publisher = {Фрунзе: Илим},
  year = {1978},
  author = {П. С. Панков},
  language = {russian},
  owner = {Valentine},
  timestamp = {2014.01.28}
}

@ARTICLE{PanyukovGer.2000,
  author = {А. В. Панюков and М. И. Германенко},
  title = {Сложность нахождения гарантированной оценки решения приближенно заданной
	системы линейных алгебраических уравнений},
  journal = {Известия Челябинского научного центра УрО РАН},
  year = {2000},
  pages = {21-30},
  number = {4},
  abstract = {В работе показано, что задачу нахождения неулучшаемой гарантированной
	оценки решения прибли­женно заданной системы линейных алгебраических
	уравнений можно получить методом Жордана-Гаусса, используя не более
	О(n4m) бит оперативной памяти и не более $О(n^7m^2)$ битовых операций.
	Здесь $n$ - - порядок системы, $m$ - - максимальное число бит, занимаемое
	одним элементом исходных данных.},
  keywords = {безошибочные вычисления, метод жордана-гаусса, программное обеспечение,
	система линейных алгебраических уравнений, сложность, errorless evaluations,
	jordane-gauss algorithm, software, linear algebraic equation set,
	bit complexity},
  language = {russian},
  owner = {Анатолий},
  quality = {1},
  timestamp = {2013.02.03}
}

@INCOLLECTION{PanyukovCoRu.2009,
  author = {А. В. Панюков and М. И. Германенко and В. В. Горбик},
  title = {Библиотека классов \elki{Exact Computation} номер гос. регистрации
	2009612777 от 29 мая 2009 г.},
  booktitle = {Программы для ЭВМ, базы данных, топологии интегральных микросхем.
	Официальный бюллетень Российского агентства по патентам и товарным
	знакам},
  publisher = {М.: ФИПС},
  year = {2009},
  number = {3},
  pages = {251},
  language = {russian},
  owner = {Анатолий},
  quality = {1},
  timestamp = {2013.02.10}
}

@ARTICLE{PanyukovGol.2013,
  author = {А. В. Панюков and В. А. Голодов},
  title = {Подход к решению систем линейных алгебраических уравнений с интервальной
	неопределенностью в исходных данных},
  journal = {Вестник Южно-Уральского Государственного Университета. Серия: \lapki{Математическое
	моделирование и программирование}},
  year = {2013},
  volume = {6},
  pages = {109-119},
  number = {2},
  language = {russian},
  owner = {Valentine},
  quality = {1},
  timestamp = {2013.02.03}
}

@ARTICLE{PanyukovGol.2013a,
  author = {А. В. Панюков and В. А. Голодов},
  title = {Программная реализации алгоритма решения системы линейных алгебраических
	уравнений с интервальной неопределенностью в исходных данных},
  journal = {Управление большими системами. М.: ИПУ РАН},
  year = {2013},
  pages = {78-94},
  number = {43},
  language = {russian},
  owner = {Valentine},
  quality = {1},
  timestamp = {2013.02.03}
}

@INPROCEEDINGS{PanyukovGol.2013b,
  author = {А. В. Панюков and В. А. Голодов},
  title = {Масштабируемость алгоритмов арифметических операций в позиционных
	системах счисления.},
  booktitle = {Информационные технологии и системы [Электронный ресурс] :тр. Второй
	междунар. науч. конф., Банное, Россия, 27 февр.--3 марта},
  year = {2013},
  volume = {6},
  number = {2},
  pages = {109-119},
  language = {russian},
  owner = {Valentine},
  quality = {1},
  timestamp = {2013.02.03}
}

@INPROCEEDINGS{PanyukovGol.2012b,
  author = {А. В. Панюков and В. А. Голодов},
  title = {Техника программной реализации алгоритма решения системы линейных
	алгебраических уравнений с интервальной неопределенностью в исходных
	данных},
  booktitle = {"Параллельные вычисления и задачи управления" PACO'2012. Шестая
	
	международная конференця, Москва, 24-26 октября. Труды в 3 т},
  year = {2012},
  volume = {2},
  pages = {155-166},
  publisher = {Москва: ИПУ РАН},
  language = {russian},
  owner = {Valentine},
  timestamp = {2012.12.06}
}

@INPROCEEDINGS{PanyukovGol.2011,
  author = {А. В. Панюков and В. А. Голодов},
  title = {Вычисление псевдорешений систем линейных алгебраических уравнений
	с интервальной неопределенностью коэффициентов},
  booktitle = {Алгоритмический анализ неустойчивых задач: тез. Докл. Международной
	конференции, посвящен-
	
	ной памяти В.К. Иванова, Екатеринбург, 31 октября – 5 ноября},
  year = {2011},
  pages = {261-262},
  publisher = {Екатеринбург: ИММ УрО РАН},
  language = {russian},
  owner = {Valentine},
  timestamp = {2012.12.06}
}

@ARTICLE{PanyukovGor.2012a,
  author = {А. В. Панюков and В. В. Горбик},
  title = {Применение массивно-параллельных вычислений для решения задач линейного
	программирования с абсолютной точностью},
  journal = {Автоматика и телемеханика},
  year = {2012},
  pages = {73-88.},
  number = {2},
  language = {russian},
  owner = {Valentine},
  timestamp = {2012.12.06}
}

@INPROCEEDINGS{PanyukovGor.2011,
  author = {А. В. Панюков and В. В. Горбик},
  title = {Параллельные реализации симплекс-метода для безошибочного решения
	задач линейного программирования},
  booktitle = {Вестник Южно-Уральского государственного университета. Серия: "Математическое
	моделирование и программирование"},
  year = {2011},
  number = {25},
  pages = {107-118},
  language = {russian},
  owner = {Valentine},
  timestamp = {2012.12.06}
}

@CONFERENCE{PanyukovLes.2010,
  author = {А. В. Панюков and С.Ю. Лесовой},
  title = {Применение массивно-параллельных вычислений для реализации основных
	операций целочисленной арифметики},
  booktitle = {Высокопроизводительные параллельные вычисления на кластерных системах
	(HPC - 2010). Материалы X Международной конференции (г. Пермь, 1
	- 3 ноября 2010 г.). В 2-х томах.},
  year = {2010},
  volume = {2},
  pages = {77-84},
  publisher = {Пермь: Изд-во ПермГТУ},
  language = {russian},
  owner = {Анатолий},
  quality = {1},
  timestamp = {2013.01.23}
}

@CONFERENCE{PanyukovLes.2012,
  author = {А. В. Панюков and С. Ю. Лесовой},
  title = {Реализация базовых операций целочисленной арифметики в гетерогенных
	системах.},
  booktitle = {Параллельные вычислительные технологии (ПаВТ'2012). Труды международной
	научной конференции (Новосибирск, 26 марта -- 30 марта 2012 г.)},
  year = {2012},
  pages = {77-84},
  publisher = {Челябинск: Издательский центр ЮУрГУ.},
  language = {russian},
  owner = {Анатолий},
  quality = {1},
  timestamp = {2013.01.23}
}

@INPROCEEDINGS{PanyukovChe.2005,
  author = {А. В. Панюков and Е. С. Чечулина},
  title = {Псевдорешения систем линейных алгебраических уравнений при интервальной
	неопределенности коэффициентов},
  booktitle = {Интервальный анализ. Труды XIII Байкальской международной школы-семинара
	
	"Методы оптимизации и их приложения" Иркутск, Байкал, 2 - 8 июля},
  year = {2005},
  language = {russian},
  owner = {Valentine},
  timestamp = {2012.12.06}
}

@INPROCEEDINGS{PanyukovChe.2004,
  author = {А. В. Панюков and Е. С. Чечулина},
  title = {Решения систем линейных алгебраических уравнений при интервальной
	неопределенности коэффициентов},
  booktitle = {Алгоритмический анализ неустойчивых задач: Тез. докладов Всерос.
	конф., Екатеринбург, 2-6 февр.},
  year = {2004},
  pages = {291-292},
  publisher = {Екатеринбург: Изд-во Уральского университета},
  language = {russian},
  owner = {Valentine},
  timestamp = {2012.12.06}
}

@ARTICLE{Samokhin.2000,
  author = {А.В. Самохин},
  title = {Проблема четырек раскрасок: неоконченная история доказательства},
  journal = {Соросовский образовательный журнал},
  year = {2000},
  volume = {6},
  pages = {91--96},
  number = {7},
  language = {russian},
  owner = {Valentine},
  timestamp = {2014.02.06}
}

@BOOK{Sedjvik.2002,
  title = {Фундаментальные алгоритмы на С++. Алгоритмы на графах.},
  publisher = {ООО \lapki{ДиаСофтЮп}},
  year = {2002},
  author = {Р. Седжвик},
  pages = {496},
  language = {russian},
  owner = {Администратор},
  timestamp = {2013.12.08}
}

@INPROCEEDINGS{Stetsyuk.2011,
  author = {П. И. Стецюк},
  title = {Субградиентные методы с преобразованием пространства для минимизации
	овражных выпуклых функций},
  booktitle = {Международная конференция Cовременные проблемы прикладной математики
	и механики: теория, эксперимент и практика, посвященная 90-летию
	со дня рождения академика Н.Н. Яненко},
  year = {2011},
  note = {ISBN 978-5-905569-01-2},
  language = {russian},
  owner = {Valentine},
  timestamp = {2012.12.05},
  url = {http://conf.nsc.ru/niknik-90/ru/reportview/37828}
}

@BOOK{Schrijver.1991,
  title = {Теория линейного и целочисленного программирования},
  publisher = {Москва, Мир},
  year = {1991},
  author = {А. Схрейвер},
  volume = {1},
  pages = {360},
  language = {russian},
  owner = {Valentine},
  timestamp = {2012.12.06}
}

@BOOK{TikhonovArs.1979,
  title = {Методы решения некорректных задач},
  publisher = {Москва, Наука},
  year = {1979},
  author = {А. Н. Тихонов and В. Я. Арсенин},
  pages = {285},
  language = {russian},
  owner = {Valentine},
  timestamp = {2012.12.06}
}

@BOOK{FidlerCo.2008,
  title = {Задачи линейной оптимизации с неточными данными},
  publisher = {Институт компьютерных исследований, R\&C Dynamics},
  year = {2008},
  author = {М. Фидлер and Й. Недома and Я. Равик and И. Рон and К. Циммерман},
  pages = {288},
  language = {russian},
  owner = {Valentine},
  timestamp = {2013.12.04}
}

@INPROCEEDINGS{Hlebalin.1981,
  author = {Н. А. Хлебалин},
  title = {Аналитический метод синтеза регуляторов в условиях неопределённости
	параметров объекта},
  booktitle = {Аналитические методы синтеза регуляторов},
  year = {1981},
  pages = {107--123},
  organization = {Саратовский политехнический институт},
  journal = {Аналитические методы синтеза регуляторов},
  language = {russian},
  owner = {Valentine},
  timestamp = {2013.08.21}
}

@TECHREPORT{ShaydurovSha.1988,
  author = {В. В. Шайдуров and С. П. Шарый},
  title = {Решение интервальной алгебраической задачи о допусках},
  institution = {ВЦ СО АН СССР. Красноярск},
  year = {1988},
  type = {Препринт},
  number = {5},
  language = {russian},
  owner = {Valentine},
  timestamp = {2013.08.21}
}

@BOOK{Shary.Book.2013,
  title = {Конечномерный интервальный анализ},
  publisher = {Новосибирск, \elki{XYZ}},
  year = {2013},
  author = {С. П. Шарый},
  pages = {285},
  language = {russian},
  owner = {Valentine},
  timestamp = {2012.12.06}
}

@ARTICLE{Shary.2004,
  author = {С. П. Шарый},
  title = {Решение интервальной линейной задачи о допусках},
  journal = {Автоматика и телемеханика},
  year = {2004},
  pages = {147-162},
  number = {10},
  language = {russian},
  owner = {Valentine},
  timestamp = {2012.12.05}
}

@ARTICLE{Shary.1997,
  author = {С. П. Шарый},
  title = {Новый подход к анализу статических систем с интервальной неопределённостью
	в данных},
  journal = {Вычислительные Технологии},
  year = {1997},
  volume = {2},
  pages = {84--102},
  number = {1},
  language = {russian},
  owner = {Valentine},
  timestamp = {2013.08.23}
}

@BOOK{Yakobovskiy.2013,
  title = {Введение в параллельные методы решения задач},
  publisher = {Изательство московского университета},
  year = {2013},
  author = {М. В. Якобовский},
  pages = {328},
  language = {russian},
  owner = {Valentine},
  timestamp = {2013.12.04}
}

@BOOK{PhisRef.1965,
  title = {Справочник по элементарной математике механике и физике.},
  publisher = {Наука и техника. Минск},
  year = {1965},
  editor = {Е. Волкинд},
  pages = {107},
  language = {russian},
  owner = {Valentine},
  timestamp = {2013.08.21}
}

@BOOK{SovEnst.1988,
  title = {Советский энциклопедический словарь},
  publisher = {М.: \elki{Советская энциклопедия}},
  year = {1988},
  editor = {А. М. Прохоров},
  pages = {408-409},
  edition = {4},
  language = {russian},
  owner = {Valentine},
  quality = {1},
  timestamp = {2013.01.23}
}

@ELECTRONIC{Inet.GMP,
  month = {August},
  year = {2013},
  title = {The GNU MP Bignum Library},
  language = {english},
  organization = {Free Software Foundation},
  url = {http://gmplib.org/},
  owner = {Valentine},
  quality = {1},
  timestamp = {2013.02.03}
}

@ELECTRONIC{Inet.GPGPU,
  month = {August},
  year = {2013},
  title = {General-Purpose Computation on Graphics Hardware},
  language = {english},
  organization = {GPGPU.org},
  url = {http://gmplib.org/},
  owner = {Valentine},
  quality = {1},
  timestamp = {2013.02.03}
}

@ELECTRONIC{Inet.IntelXeonPhi,
  month = {August},
  year = {2013},
  title = {Семейство продукции Intel® Xeon Phi™},
  language = {russian},
  organization = {Intel Corporation},
  url = {http://www.intel.ru/content/www/ru/ru/processors/xeon/xeon-phi-detail.html},
  owner = {Valentine},
  quality = {1},
  timestamp = {2013.02.03}
}

@ELECTRONIC{Inet.IntervalAnalysis,
  month = {August},
  year = {2013},
  title = {Интервальный анализ и его приложения},
  language = {russian},
  url = {http://www.nsc.ru/interval},
  owner = {Valentine},
  timestamp = {2012.12.05}
}

@ELECTRONIC{Inet.Khronos-OpenCL,
  month = {August},
  year = {2013},
  title = {OpenCL - The open standard for parallel programming of heterogeneous
	systems},
  language = {english},
  organization = {Khronos-OpenCL},
  url = {http://www.khronos.org/opencl/},
  keywords = {OpenCL},
  owner = {Valentine},
  quality = {1},
  timestamp = {2013.02.08}
}

@ELECTRONIC{Inet.MPI,
  month = {August},
  year = {2013},
  title = {MPI Documents},
  language = {english},
  organization = {MPI-FORUM},
  url = {http://www.mpi-forum.org/docs/docs.html},
  owner = {Анатолий},
  quality = {1},
  timestamp = {2013.02.08}
}

@ELECTRONIC{Inet.NVIDIA-CUDA,
  month = {Febbuary},
  year = {2013},
  title = {Parallel Programming and Computing Platform | CUDA | NVIDIA},
  language = {english},
  organization = {NVIDIA Corporation},
  url = {htpp://www.nvidia.com/object/cuda\_home.html},
  keywords = {CUDA},
  owner = {Valentine},
  quality = {1},
  timestamp = {2013.02.08}
}

@ELECTRONIC{Inet.NvidiaTesla,
  month = {September},
  year = {2013},
  title = {High Performance Computing (HPC) and Supercomputing | NVIDIA Tesla},
  language = {english},
  organization = {NVIDIA Corporation},
  url = {http://www.nvidia.com/object/tesla-supercomputing-solutions.html},
  owner = {Valentine},
  quality = {1},
  timestamp = {2013.02.03}
}

@ELECTRONIC{Inet.SupercompAlm3,
  year = {2013},
  title = {Суперкомпьютерные технологии в науке, образовании и промышленности
	(третий выпуск)},
  language = {russian},
  organization = {Московский государственный университет имени М.В.~Ломоносова. Суперкомпьютерный
	консорциум университетов России. Российская Академия наук},
  url = {http://hpc-russia.ru/book3_ready.html},
  owner = {Valentine},
  timestamp = {2013.12.07}
}

@ELECTRONIC{Inet.Vestnik.MMP,
  year = {2013},
  title = {Вестник Южно-Уральского государственного университета. Серия \lapki{Математическое
	моделирование и программирование}},
  language = {russian},
  url = {http://mmp.vestnik.susu.ac.ru/page/ru/greet},
  owner = {Valentine},
  timestamp = {2013.12.07}
}

@ELECTRONIC{Inet.SupercompAlm2,
  year = {2012},
  title = {Суперкомпьютерные технологии в науке, образовании и промышленности
	(второй выпуск)},
  language = {russian},
  organization = {Московский государственный университет имени М.В.~Ломоносова. Суперкомпьютерный
	консорциум университетов России. Российская Академия наук},
  url = {http://hpc-russia.ru/book2_ready.html},
  owner = {Valentine},
  timestamp = {2013.12.07}
}

@ELECTRONIC{Inet.SupercompAlm1,
  year = {2011},
  title = {Суперкомпьютерные технологии в науке, образовании и промышленности},
  language = {russian},
  organization = {Московский государственный университет имени М.В.~Ломоносова. Суперкомпьютерный
	консорциум университетов России. Российская Академия наук},
  url = {http://hpc-russia.ru/book_ready.html},
  owner = {Valentine},
  timestamp = {2013.12.07}
}

@ELECTRONIC{Inet.IEEE,
  month = {August},
  year = {2008},
  title = {IEEE 754-2008 Standart for Floating-Point Arithmetic},
  language = {english},
  howpublished = {E-ISBN: 978-0-7381-5752-8},
  organization = {IEEE},
  url = {http://ieeexplore.ieee.org/servlet/opac?punumber=4610933},
  keywords = {IEEE},
  owner = {Valentine},
  quality = {1},
  timestamp = {2013.02.08}
}